@article{doi:10.1063/1.1770939,
    author = {Reines,F.  and Cowan,C. L.  and Harrison,F. B.  and Carter,D. S. },
    title = {Detection of Neutrons with a Large Liquid Scintillation Counter},
    journal = {Review of Scientific Instruments},
    volume = {25},
    number = {11},
    pages = {1061-1070},
    year = {1954},
    doi = {10.1063/1.1770939},
    URL = { 
            https://doi.org/10.1063/1.1770939   
    },
    eprint = { 
            https://doi.org/10.1063/1.1770939    
    }
}
@book{gutiPhys,
  author         = {黄昆},
  title          = {固体物理学},
  publisher      = {高等教育出版社},
  address        = {北京},
  pages          = {15},
  year           = {1988}
}