@misc{pkuWeb,
    author={pku},
    title={量子关联成像},
    howpublished={\url{https://iqe.pku.edu.cn/dht/lzgxylzxx/yjfx/lzglcx/index.htm}}
}