@article{doi:10.1063/1.1770939,
    author = {Reines,F.  and Cowan,C. L.  and Harrison,F. B.  and Carter,D. S. },
    title = {Detection of Neutrons with a Large Liquid Scintillation Counter},
    journal = {Review of Scientific Instruments},
    volume = {25},
    number = {11},
    pages = {1061-1070},
    year = {1954},
    doi = {10.1063/1.1770939},
    URL = { 
            https://doi.org/10.1063/1.1770939   
    },
    eprint = { 
            https://doi.org/10.1063/1.1770939    
    }
}
@book{nuclear,
  author         = {陈伯显 and 张智},
  editor         = {张盈盈},
  title          = {核辐射物理及探测学},
  publisher      = {哈尔滨工程大学},
  address        = {哈尔滨},
  pages          = {415},
  year           = {2011}
}