@article{berut2012experimental,
  title={Experimental verification of Landauer’s principle linking information and thermodynamics},
  author={B{\'e}rut, Antoine and Arakelyan, Artak and Petrosyan, Artyom and Ciliberto, Sergio and Dillenschneider, Raoul and Lutz, Eric},
  journal={Nature},
  volume={483},
  number={7388},
  pages={187--189},
  year={2012},
  publisher={Nature Publishing Group}
}
@article{jun2014high,
  title={High-precision test of Landauer’s principle in a feedback trap},
  author={Jun, Yonggun and Gavrilov, Mom{\v{c}}ilo and Bechhoefer, John},
  journal={Physical review letters},
  volume={113},
  number={19},
  pages={190601},
  year={2014},
  publisher={APS}
}
@article{hong2016experimental,
  title={Experimental test of Landauer’s principle in single-bit operations on nanomagnetic memory bits},
  author={Hong, Jeongmin and Lambson, Brian and Dhuey, Scott and Bokor, Jeffrey},
  journal={Science advances},
  volume={2},
  number={3},
  pages={e1501492},
  year={2016},
  publisher={American Association for the Advancement of Science}
}