@book{nuclear,
  author         = {陈伯显 and 张智},
  editor         = {张盈盈},
  title          = {核辐射物理及探测学},
  publisher      = {哈尔滨工程大学},
  address        = {哈尔滨},
  pages          = {415},
  year           = {2011}
}